2740 4660
482 314 603 358 onais
628 311 792 358 renuas.
1103 289 1145 356 55

127 421 246 502 licere
261 421 370 528 puto.
388 435 536 504 Etcum
551 401 717 504 Isidorus
732 431 848 504 tacuit
863 429 971 504 illum
984 417 1159 504 transire

128 557 238 633 altius
255 561 395 652 nubes,
412 561 516 661 quod
529 565 592 639 vix
602 561 756 636 excedat
768 565 866 660 ipsas
876 563 1059 634 existimo.
1072 565 1144 650 Ac,

127 688 216 763 dum
226 690 351 764 Julius
359 693 537 766 verticem
545 695 626 791 ejus
633 695 782 766 niveam
791 716 937 791 semper
945 717 1023 764 esse
1030 693 1144 791 scrip-

127 839 242 915 serat,
264 825 305 896 in
329 822 519 923 aliquibus
538 823 658 925 plagis
681 823 893 910 altitudinis
911 824 970 895 sui
990 819 1143 897 inferio-

126 953 231 1026 ribus
249 955 438 1052 p'raedictis'
456 956 616 1031 nivibus
629 970 778 1056 semper
801 957 878 1052 tegi
898 953 1141 1028 monstratur.
1213 961 1215 968 ’

125 1087 218 1174 Quae
226 1085 476 1160 duojellmata
489 1090 530 1160 iu
546 1102 683 1186 quarto
695 1085 890 1164 atneidos
898 1084 1077 1185 Virgilius
1090 1097 1152 1159 osi

127 1215 252 1288 tendit
263 1217 392 1288 aiens:

174 1413 237 1481 Illa
248 1412 348 1484 fretus
361 1417 428 1510 agit
439 1375 553 1488 dentes
567 1417 600 1488 et
612 1419 745 1488 turbida
756 1388 863 1487 tranat
912 1402 916 1412 Ι

171 1539 294 1605 Nubila
308 1566 316 1606 :
331 1565 474 1632 namque
485 1545 597 1610 volans
610 1526 735 1636 apicem
748 1562 780 1610 et
792 1545 892 1610 latera
904 1541 1006 1608 ardua
1018 1543 1130 1614 cernit

167 1663 334 1729 Athlantis
348 1665 440 1749 duri,
454 1667 571 1764 eoelum
586 1669 645 1758 qui
656 1668 777 1734 vertice
790 1667 901 1758 fulcit3
928 1711 931 1716 ,
993 1695 1000 1712 ’

167 1784 351 1870 Athlantis‚
365 1790 509 1882 pinetum
524 1789 652 1861 assidue
666 1791 720 1857 eui
731 1790 877 1856 nubibus
889 1789 967 1854 atris
1025 1833 1030 1842 ι
1051 1856 1055 1863 ,

168 1905 354 1998 Piniferum
366 1927 467 2000 eaput
480 1925 513 1974 et
523 1879 623 1982 uento
636 1911 787 2000 pulsatur
800 1925 836 1972 et
845 1909 956 1974 imbri.
973 1959 975 1966 .
1047 1935 1052 1946 ·

165 2017 403 2124 l'lixylium'erps
416 2031 523 2096 infusa
534 2032 616 2123 tegit
630 2053 638 2094 :
652 2050 724 2094 tum
736 2028 872 2098 flumina
886 2042 997 2092 mento

165 2148 375 2244 Pracipitant
390 2151 494 2230 senis,
507 2165 542 2216 et
554 2149 659 2238 glacie
670 2148 755 2241 riget
765 2146 902 2216 horrida
912 2145 1028 2214 barba.

174 2339 221 2408 In
242 2338 354 2408 tertio
371 2334 482 2410 ver'su
500 2331 621 2444 liujus'
634 2317 795 2439 exempli
812 2342 1031 2439 praescripto
1046 2339 1145 2414 altis·
1170 2312 1176 2332 ι

118 2471 216 2542 sima
228 2459 574 2581 cacumina'dixisse
592 2486 770 2563 autum0;
787 2474 827 2544 in
842 2471 924 2545 aliis
942 2473 1146 2545 succeden-

121 2601 227 2690 tibus
245 2602 335 2700 ipsis
350 2585 529 2708 inferiora
544 2619 771 2677 monstrasse
788 2605 936 2701 opinor.

134 2743 137 2755 “
172 2731 318 2804 Plinius
331 2725 527 2834 Secundus
541 2735 581 2805 in
591 2731 690 2805 libro
700 2733 869 2807 seeundo
880 2729 1062 2806 naturalis
1071 2729 1149 2804 hisa

123 2865 229 2938 toriae
245 2863 292 2936 de
306 2862 485 2937 altissimo
496 2863 693 2937 Thessaliae
707 2878 837 2936 monte
854 2861 981 2936 refert.
1000 2865 1147 2936 Dieear-

124 2997 220 3070 chus
237 3000 296 3069 vir
316 2997 505 3104 inprimis
524 2999 697 3070 eruditus
712 3020 846 3094 regum
865 3019 955 3066 cura
970 3007 1153 3093 permen-

123 3154 188 3202 sus
214 3128 263 3206 (1)
289 3144 461 3223 montes,
491 3154 536 3200 er
562 3127 703 3226 quihus
729 3125 953 3232 altissimum
978 3129 1149 3226 prodidit

123 3260 254 3333 Pelion
269 3260 424 3332 milibus
440 3286 505 3357 cm
520 3283 701 3359 passuum
716 3259 862 3330 ratione
870 3259 1144 3358 perpendiculi.

125 3395 174 3464 Iu
195 3389 395 3494 altitudine
415 3391 643 3464 ascensionis
658 3389 811 3488 Alpium
825 3375 950 3464 {lore
969 3391 1063 3490 legi3
1081 3391 1147 3464 sed

126 3549 206 3599 non
233 3522 411 3597 recordor
434 3525 475 3594 in
498 3548 576 3624 quo
601 3521 700 3597 libro
725 3526 889 3624 repperi.
917 3528 1146 3620 Quanquam

489 3649 492 3652 ·
757 3651 759 3656 ·
814 3661 818 3685 r
953 3657 957 3666 ·
1036 3675 1039 3683 ,

169 3743 212 3821 (ι)
226 3746 263 3802 In
275 3744 349 3804 eod.
367 3748 449 3806 Lam.
464 3746 645 3802 Pen'nenses.
