<?xml version="1.0" encoding="UTF-8"?>
<!DOCTYPE html PUBLIC "-//W3C//DTD XHTML 1.0 Transitional//EN"
    "http://www.w3.org/TR/xhtml1/DTD/xhtml1-transitional.dtd">
<html xmlns="http://www.w3.org/1999/xhtml" xml:lang="en" lang="en">
 <head>
  <title>
</title>
<meta http-equiv="Content-Type" content="text/html;charset=utf-8" />
  <meta name='ocr-system' content='tesseract 3.04.00' />
  <meta name='ocr-capabilities' content='ocr_page ocr_carea ocr_par ocr_line ocrx_word'/>
</head>
<body>
  <div class='ocr_page' id='page_1' title='image "./liberdemensurao00walcgoog_0048.png"; bbox 0 0 2740 4660; ppageno 0'>
   <div class='ocr_carea' id='block_1_1' title="bbox 473 381 1188 454">
    <p class='ocr_par' dir='ltr' id='par_1_1' title="bbox 473 381 1188 454">
     <span class='ocr_line' id='line_1_1' title="bbox 473 381 1188 454; baseline -0.01 -18"><span class='ocrx_word' id='word_1_1' title='bbox 473 381 592 436; x_wconf 67' lang='lat' dir='ltr'><strong>ousta</strong></span> <span class='ocrx_word' id='word_1_2' title='bbox 617 386 777 436; x_wconf 70' lang='lat' dir='ltr'><strong>russas.</strong></span> <span class='ocrx_word' id='word_1_3' title='bbox 1090 385 1133 454; x_wconf 77' lang='lat'><strong>²7</strong></span> <span class='ocrx_word' id='word_1_4' title='bbox 1183 384 1188 396; x_wconf 73' lang='grc'><em>“</em></span> 
     </span>
    </p>
   </div>
   <div class='ocr_carea' id='block_1_2' title="bbox 115 503 1243 1679">
    <p class='ocr_par' dir='ltr' id='par_1_2' title="bbox 115 503 1137 746">
     <span class='ocr_line' id='line_1_2' title="bbox 115 503 1132 614; baseline -0.008 -29"><span class='ocrx_word' id='word_1_5' title='bbox 115 509 287 614; x_wconf 81' lang='lat' dir='ltr'><strong>praedixi.</strong></span> <span class='ocrx_word' id='word_1_6' title='bbox 313 507 406 586; x_wconf 88' lang='lat' dir='ltr'><strong>Ideo</strong></span> <span class='ocrx_word' id='word_1_7' title='bbox 418 527 558 610; x_wconf 77' lang='lat' dir='ltr'><strong>paucas</strong></span> <span class='ocrx_word' id='word_1_8' title='bbox 574 535 619 583; x_wconf 84' lang='lat' dir='ltr'><strong>ex</strong></span> <span class='ocrx_word' id='word_1_9' title='bbox 635 509 709 582; x_wconf 88' lang='lat' dir='ltr'><strong>illis</strong></span> <span class='ocrx_word' id='word_1_10' title='bbox 725 521 888 608; x_wconf 86' lang='lat' dir='ltr'><strong>quarutn</strong></span> <span class='ocrx_word' id='word_1_11' title='bbox 906 510 1062 580; x_wconf 80' lang='lat' dir='ltr'><strong>nomina</strong></span> <span class='ocrx_word' id='word_1_12' title='bbox 1079 503 1132 578; x_wconf 92' lang='lat' dir='ltr'><strong>le·</strong></span> 
     </span>
     <span class='ocr_line' id='line_1_3' title="bbox 115 641 1137 746; baseline -0.008 -28"><span class='ocrx_word' id='word_1_13' title='bbox 115 673 245 746; x_wconf 81' lang='lat' dir='ltr'><strong>geram</strong></span> <span class='ocrx_word' id='word_1_14' title='bbox 264 647 474 718; x_wconf 85' lang='lat' dir='ltr'><strong>nominatas</strong></span> <span class='ocrx_word' id='word_1_15' title='bbox 488 643 697 731; x_wconf 81' lang='lat' dir='ltr'><strong>ostendam.</strong></span> <span class='ocrx_word' id='word_1_16' title='bbox 716 641 823 714; x_wconf 86' lang='lat' dir='ltr'><strong>Idem</strong></span> <span class='ocrx_word' id='word_1_17' title='bbox 837 641 980 714; x_wconf 84' lang='lat' dir='ltr'><strong>Plinius</strong></span> <span class='ocrx_word' id='word_1_18' title='bbox 993 645 1137 714; x_wconf 62' lang='lat' dir='ltr'><strong>secun-²</strong></span> 
     </span>
    </p>

    <p class='ocr_par' dir='ltr' id='par_1_3' title="bbox 117 733 1243 1679">
     <span class='ocr_line' id='line_1_4' title="bbox 117 733 1243 920; baseline -0.014 -67"><span class='ocrx_word' id='word_1_19' title='bbox 117 781 192 853; x_wconf 84' lang='lat' dir='ltr'><strong>dus</strong></span> <span class='ocrx_word' id='word_1_20' title='bbox 200 782 240 852; x_wconf 87' lang='lat' dir='ltr'><strong>in</strong></span> <span class='ocrx_word' id='word_1_21' title='bbox 251 771 357 852; x_wconf 81' lang='lat' dir='ltr'><strong>sexto</strong></span> <span class='ocrx_word' id='word_1_22' title='bbox 365 777 482 869; x_wconf 89' lang='lat' dir='ltr'><strong>libro,</strong></span> <span class='ocrx_word' id='word_1_23' title='bbox 496 780 602 876; x_wconf 82' lang='lat' dir='ltr'><strong>juxta</strong></span> <span class='ocrx_word' id='word_1_24' title='bbox 616 753 889 920; x_wconf 53' lang='lat' dir='ltr'><strong>fflhmplm&#39;</strong></span> <span class='ocrx_word' id='word_1_25' title='bbox 896 774 1137 848; x_wconf 69' lang='lat' dir='ltr'><strong>Aroterasin«</strong></span> <span class='ocrx_word' id='word_1_26' title='bbox 1156 733 1243 891; x_wconf 62' lang='lat' dir='ltr'><strong>adl</strong></span> 
     </span>
     <span class='ocr_line' id='line_1_5' title="bbox 120 897 1138 1021; baseline -0.008 -35"><span class='ocrx_word' id='word_1_27' title='bbox 120 913 226 999; x_wconf 83' lang='lat' dir='ltr'><strong>sulas</strong></span> <span class='ocrx_word' id='word_1_28' title='bbox 241 907 320 985; x_wconf 86' lang='lat' dir='ltr'><strong>esse</strong></span> <span class='ocrx_word' id='word_1_29' title='bbox 340 899 471 1003; x_wconf 56' lang='lat' dir='ltr'><strong>dooet&#39;3</strong></span> <span class='ocrx_word' id='word_1_30' title='bbox 497 897 589 984; x_wconf 74' lang='lat' dir='ltr'><strong>iloni</strong></span> <span class='ocrx_word' id='word_1_31' title='bbox 610 909 762 984; x_wconf 79' lang='lat' dir='ltr'><strong>Baebius</strong></span> <span class='ocrx_word' id='word_1_32' title='bbox 784 924 822 981; x_wconf 89' lang='lat' dir='ltr'><strong>et</strong></span> <span class='ocrx_word' id='word_1_33' title='bbox 841 905 1081 980; x_wconf 79' lang='lat' dir='ltr'><strong>Antibnchias</strong></span> <span class='ocrx_word' id='word_1_34' title='bbox 1099 921 1138 1021; x_wconf 90' lang='lat' dir='ltr'><strong>et</strong></span> 
     </span>
     <span class='ocr_line' id='line_1_6' title="bbox 118 1041 1139 1142; baseline -0.009 -24"><span class='ocrx_word' id='word_1_35' title='bbox 118 1047 338 1140; x_wconf 67' lang='lat' dir='ltr'><strong>Stratioton</strong></span> <span class='ocrx_word' id='word_1_36' title='bbox 354 1047 565 1120; x_wconf 79' lang='lat' dir='ltr'><strong>Priscianus</strong></span> <span class='ocrx_word' id='word_1_37' title='bbox 580 1047 620 1116; x_wconf 91' lang='lat' dir='ltr'><strong>in</strong></span> <span class='ocrx_word' id='word_1_38' title='bbox 636 1041 734 1117; x_wconf 90' lang='lat' dir='ltr'><strong>libro</strong></span> <span class='ocrx_word' id='word_1_39' title='bbox 749 1043 872 1142; x_wconf 89' lang='lat' dir='ltr'><strong>quiin</strong></span> <span class='ocrx_word' id='word_1_40' title='bbox 886 1063 1006 1141; x_wconf 82' lang='lat' dir='ltr'><strong>graeco</strong></span> <span class='ocrx_word' id='word_1_41' title='bbox 1019 1041 1139 1110; x_wconf 90' lang='lat' dir='ltr'><strong>Perie-</strong></span> 
     </span>
     <span class='ocr_line' id='line_1_7' title="bbox 120 1149 1140 1277; baseline -0.006 -29"><span class='ocrx_word' id='word_1_42' title='bbox 120 1180 217 1277; x_wconf 80' lang='lat' dir='ltr'><strong>gesis</strong></span> <span class='ocrx_word' id='word_1_43' title='bbox 243 1181 486 1270; x_wconf 81' lang='lat' dir='ltr'><strong>nominatur,</strong></span> <span class='ocrx_word' id='word_1_44' title='bbox 514 1165 650 1270; x_wconf 90' lang='lat' dir='ltr'><strong>idest,</strong></span> <span class='ocrx_word' id='word_1_45' title='bbox 667 1157 871 1276; x_wconf 82' lang='lat' dir='ltr'><strong>descriptio</strong></span> <span class='ocrx_word' id='word_1_46' title='bbox 889 1174 991 1246; x_wconf 89' lang='lat' dir='ltr'><strong>orbis</strong></span> <span class='ocrx_word' id='word_1_47' title='bbox 1010 1149 1140 1263; x_wconf 78' lang='lat' dir='ltr'><strong>terrae,</strong></span> 
     </span>
     <span class='ocr_line' id='line_1_8' title="bbox 123 1307 1142 1410; baseline -0.006 -28"><span class='ocrx_word' id='word_1_48' title='bbox 123 1332 240 1409; x_wconf 76' lang='lat' dir='ltr'><strong>quarn</strong></span> <span class='ocrx_word' id='word_1_49' title='bbox 268 1333 337 1410; x_wconf 92' lang='lat' dir='ltr'><strong>per</strong></span> <span class='ocrx_word' id='word_1_50' title='bbox 361 1326 527 1384; x_wconf 85' lang='lat' dir='ltr'><strong>metrum</strong></span> <span class='ocrx_word' id='word_1_51' title='bbox 555 1310 664 1384; x_wconf 83' lang='lat' dir='ltr'><strong>valde</strong></span> <span class='ocrx_word' id='word_1_52' title='bbox 691 1310 837 1383; x_wconf 87' lang='lat' dir='ltr'><strong>bonurn</strong></span> <span class='ocrx_word' id='word_1_53' title='bbox 862 1307 1025 1397; x_wconf 81' lang='lat' dir='ltr'><strong>fecerat,</strong></span> <span class='ocrx_word' id='word_1_54' title='bbox 1051 1307 1142 1404; x_wconf 82' lang='lat' dir='ltr'><strong>Ery·</strong></span> 
     </span>
     <span class='ocr_line' id='line_1_9' title="bbox 124 1431 1141 1544; baseline -0.003 -30"><span class='ocrx_word' id='word_1_55' title='bbox 124 1443 272 1515; x_wconf 73' lang='lat' dir='ltr'><strong>thream</strong></span> <span class='ocrx_word' id='word_1_56' title='bbox 297 1445 461 1517; x_wconf 83' lang='lat' dir='ltr'><strong>insulam</strong></span> <span class='ocrx_word' id='word_1_57' title='bbox 485 1431 593 1544; x_wconf 77' lang='lat' dir='ltr'><strong>juxta</strong></span> <span class='ocrx_word' id='word_1_58' title='bbox 617 1441 870 1517; x_wconf 72' lang='lat' dir='ltr'><strong>Athlanticum</strong></span> <span class='ocrx_word' id='word_1_59' title='bbox 896 1441 1141 1541; x_wconf 79' lang='lat' dir='ltr'><strong>AEthiopianr</strong></span> 
     </span>
     <span class='ocr_line' id='line_1_10' title="bbox 123 1569 595 1679; baseline 0.008 -33"><span class='ocrx_word' id='word_1_60' title='bbox 123 1569 207 1648; x_wconf 81' lang='lat' dir='ltr'><strong>sore</strong></span> <span class='ocrx_word' id='word_1_61' title='bbox 222 1594 370 1670; x_wconf 85' lang='lat' dir='ltr'><strong>monet,</strong></span> <span class='ocrx_word' id='word_1_62' title='bbox 389 1581 569 1679; x_wconf 77' lang='lat' dir='ltr'><strong>inquiens</strong></span> <span class='ocrx_word' id='word_1_63' title='bbox 586 1607 595 1650; x_wconf 77' lang='grc' dir='ltr'>ι</span> 
     </span>
    </p>
   </div>
   <div class='ocr_carea' id='block_1_3' title="bbox 211 1739 1049 1872">
    <p class='ocr_par' dir='ltr' id='par_1_4' title="bbox 211 1739 1049 1872">
     <span class='ocr_line' id='line_1_11' title="bbox 211 1739 1049 1872; baseline 0.001 -28"><span class='ocrx_word' id='word_1_64' title='bbox 211 1781 399 1871; x_wconf 85' lang='lat' dir='ltr'><strong>AEthiopes</strong></span> <span class='ocrx_word' id='word_1_65' title='bbox 413 1783 564 1846; x_wconf 88' lang='lat' dir='ltr'><strong>habitant</strong></span> <span class='ocrx_word' id='word_1_66' title='bbox 578 1783 771 1872; x_wconf 84' lang='lat' dir='ltr'><strong>Erythream</strong></span> <span class='ocrx_word' id='word_1_67' title='bbox 785 1747 919 1872; x_wconf 85' lang='lat' dir='ltr'><strong>pectore</strong></span> <span class='ocrx_word' id='word_1_68' title='bbox 931 1780 1029 1868; x_wconf 81' lang='lat' dir='ltr'><strong>justi,</strong></span> <span class='ocrx_word' id='word_1_69' title='bbox 1046 1739 1049 1746; x_wconf 24' lang='lat'><strong><em>¹</em></strong></span> 
     </span>
    </p>
   </div>
   <div class='ocr_carea' id='block_1_4' title="bbox 210 1885 1014 2000">
    <p class='ocr_par' dir='ltr' id='par_1_5' title="bbox 210 1885 1014 2000">
     <span class='ocr_line' id='line_1_12' title="bbox 210 1885 1014 2000; baseline -0.001 -30"><span class='ocrx_word' id='word_1_70' title='bbox 210 1905 403 1972; x_wconf 87' lang='lat' dir='ltr'><strong>Athlantern</strong></span> <span class='ocrx_word' id='word_1_71' title='bbox 415 1909 506 1996; x_wconf 81' lang='lat' dir='ltr'><strong>juxta</strong></span> <span class='ocrx_word' id='word_1_72' title='bbox 517 1907 668 2000; x_wconf 83' lang='lat' dir='ltr'><strong>longaevi.</strong></span> <span class='ocrx_word' id='word_1_73' title='bbox 686 1885 824 1972; x_wconf 83' lang='lat' dir='ltr'><strong>Finibus</strong></span> <span class='ocrx_word' id='word_1_74' title='bbox 841 1906 939 1988; x_wconf 81' lang='lat' dir='ltr'><strong>olim,</strong></span> <span class='ocrx_word' id='word_1_75' title='bbox 944 1947 1014 1970; x_wconf 77' lang='grc'><strong>.....</strong></span> 
     </span>
    </p>
   </div>
   <div class='ocr_carea' id='block_1_5' title="bbox 27 2077 1271 3934">
    <p class='ocr_par' dir='ltr' id='par_1_6' title="bbox 124 2077 1148 2462">
     <span class='ocr_line' id='line_1_13' title="bbox 125 2077 1148 2172; baseline -0.001 -4"><span class='ocrx_word' id='word_1_76' title='bbox 125 2097 271 2170; x_wconf 87' lang='lat' dir='ltr'><strong>Gaulea</strong></span> <span class='ocrx_word' id='word_1_77' title='bbox 301 2099 426 2172; x_wconf 89' lang='lat' dir='ltr'><strong>insula</strong></span> <span class='ocrx_word' id='word_1_78' title='bbox 463 2104 503 2170; x_wconf 91' lang='lat' dir='ltr'><strong>in</strong></span> <span class='ocrx_word' id='word_1_79' title='bbox 532 2097 698 2170; x_wconf 77' lang='lat' dir='ltr'><strong>Australi</strong></span> <span class='ocrx_word' id='word_1_80' title='bbox 727 2102 878 2168; x_wconf 81' lang='lat' dir='ltr'>Oceano</span> <span class='ocrx_word' id='word_1_81' title='bbox 906 2077 1148 2168; x_wconf 83' lang='lat' dir='ltr'><strong>occidentalis</strong></span> 
     </span>
     <span class='ocr_line' id='line_1_14' title="bbox 124 2220 1148 2327; baseline -0.004 -24"><span class='ocrx_word' id='word_1_82' title='bbox 124 2220 366 2327; x_wconf 75' lang='lat' dir='ltr'><strong>AEthiopiae,</strong></span> <span class='ocrx_word' id='word_1_83' title='bbox 388 2232 498 2326; x_wconf 84' lang='lat' dir='ltr'><strong>eujus</strong></span> <span class='ocrx_word' id='word_1_84' title='bbox 516 2229 745 2302; x_wconf 83' lang='lat' dir='ltr'><strong>vocabulum</strong></span> <span class='ocrx_word' id='word_1_85' title='bbox 767 2230 934 2303; x_wconf 76' lang='lat' dir='ltr'><strong>Isidorus</strong></span> <span class='ocrx_word' id='word_1_86' title='bbox 954 2231 994 2302; x_wconf 93' lang='lat' dir='ltr'><strong>in</strong></span> <span class='ocrx_word' id='word_1_87' title='bbox 1010 2251 1089 2302; x_wconf 87' lang='lat' dir='ltr'><strong>vuu</strong></span> <span class='ocrx_word' id='word_1_88' title='bbox 1107 2228 1148 2299; x_wconf 90' lang='lat' dir='ltr'><strong>li·</strong></span> 
     </span>
     <span class='ocr_line' id='line_1_15' title="bbox 124 2350 891 2462; baseline 0.004 -29"><span class='ocrx_word' id='word_1_89' title='bbox 124 2361 199 2434; x_wconf 88' lang='lat' dir='ltr'><strong>bro</strong></span> <span class='ocrx_word' id='word_1_90' title='bbox 218 2350 587 2462; x_wconf 77' lang='lat' dir='ltr'><strong>AEthirnologiarurn</strong></span> <span class='ocrx_word' id='word_1_91' title='bbox 606 2363 782 2436; x_wconf 87' lang='lat' dir='ltr'><strong>ostendit.</strong></span> <span class='ocrx_word' id='word_1_92' title='bbox 887 2353 891 2360; x_wconf 43' lang='lat'><strong><em>⁴</em></strong></span> 
     </span>
    </p>

    <p class='ocr_par' dir='ltr' id='par_1_7' title="bbox 27 2473 1271 3934">
     <span class='ocr_line' id='line_1_16' title="bbox 177 2473 1150 2598; baseline 0.006 -32"><span class='ocrx_word' id='word_1_93' title='bbox 177 2501 391 2568; x_wconf 81' lang='lat' dir='ltr'><strong>Fortunatae</strong></span> <span class='ocrx_word' id='word_1_94' title='bbox 401 2512 515 2594; x_wconf 87' lang='lat' dir='ltr'><strong>atque</strong></span> <span class='ocrx_word' id='word_1_95' title='bbox 524 2473 736 2597; x_wconf 83' lang='lat' dir='ltr'><strong>Gorgodes‚</strong></span> <span class='ocrx_word' id='word_1_96' title='bbox 752 2497 988 2598; x_wconf 68' lang='lat' dir='ltr'><strong>Hesperides,</strong></span> <span class='ocrx_word' id='word_1_97' title='bbox 1000 2499 1150 2597; x_wconf 67' lang='lat' dir='ltr'><strong>quarin-</strong></span> 
     </span>
     <span class='ocr_line' id='line_1_17' title="bbox 129 2627 1151 2732; baseline 0.002 -32"><span class='ocrx_word' id='word_1_98' title='bbox 129 2627 219 2700; x_wconf 85' lang='lat' dir='ltr'><strong>sulae</strong></span> <span class='ocrx_word' id='word_1_99' title='bbox 231 2629 336 2727; x_wconf 87' lang='lat' dir='ltr'><strong>quod</strong></span> <span class='ocrx_word' id='word_1_100' title='bbox 351 2645 441 2702; x_wconf 84' lang='lat' dir='ltr'><strong>suut</strong></span> <span class='ocrx_word' id='word_1_101' title='bbox 456 2631 496 2702; x_wconf 85' lang='lat' dir='ltr'><strong>in</strong></span> <span class='ocrx_word' id='word_1_102' title='bbox 509 2631 733 2706; x_wconf 82' lang='lat' dir='ltr'><strong>occidentali</strong></span> <span class='ocrx_word' id='word_1_103' title='bbox 745 2631 880 2732; x_wconf 80' lang='lat' dir='ltr'><strong>pelago</strong></span> <span class='ocrx_word' id='word_1_104' title='bbox 891 2629 1024 2705; x_wconf 83' lang='lat' dir='ltr'><strong>Afrieae</strong></span> <span class='ocrx_word' id='word_1_105' title='bbox 1038 2631 1151 2703; x_wconf 87' lang='lat' dir='ltr'><strong>multi</strong></span> 
     </span>
     <span class='ocr_line' id='line_1_18' title="bbox 129 2749 1271 2872; baseline 0 -39"><span class='ocrx_word' id='word_1_106' title='bbox 129 2765 323 2836; x_wconf 85' lang='lat' dir='ltr'><strong>nuntiant.</strong></span> <span class='ocrx_word' id='word_1_107' title='bbox 341 2765 507 2864; x_wconf 79' lang='lat' dir='ltr'><strong>Longius</strong></span> <span class='ocrx_word' id='word_1_108' title='bbox 522 2764 570 2837; x_wconf 87' lang='lat' dir='ltr'><strong>ab</strong></span> <span class='ocrx_word' id='word_1_109' title='bbox 583 2761 708 2838; x_wconf 64' lang='lat' dir='ltr'><strong>Airita</strong></span> <span class='ocrx_word' id='word_1_110' title='bbox 719 2765 914 2872; x_wconf 80' lang='lat' dir='ltr'><strong>Gorgodes</strong></span> <span class='ocrx_word' id='word_1_111' title='bbox 926 2791 1043 2864; x_wconf 88' lang='lat' dir='ltr'><strong>quam</strong></span> <span class='ocrx_word' id='word_1_112' title='bbox 1058 2769 1146 2836; x_wconf 85' lang='lat' dir='ltr'><strong>For·</strong></span> <span class='ocrx_word' id='word_1_113' title='bbox 1263 2749 1271 2766; x_wconf 24' lang='lat' dir='ltr'>N</span> 
     </span>
     <span class='ocr_line' id='line_1_19' title="bbox 131 2874 1152 2996; baseline 0.003 -31"><span class='ocrx_word' id='word_1_114' title='bbox 131 2909 291 2987; x_wconf 70' lang='lat' dir='ltr'><strong>tonatur,</strong></span> <span class='ocrx_word' id='word_1_115' title='bbox 308 2919 350 2970; x_wconf 85' lang='lat' dir='ltr'><strong>ao</strong></span> <span class='ocrx_word' id='word_1_116' title='bbox 361 2874 587 2996; x_wconf 67' lang='lat' dir='ltr'><strong>H&#39;esperides</strong></span> <span class='ocrx_word' id='word_1_117' title='bbox 601 2921 717 2996; x_wconf 83' lang='lat' dir='ltr'><strong>quarn</strong></span> <span class='ocrx_word' id='word_1_118' title='bbox 732 2893 936 2996; x_wconf 78' lang='lat' dir='ltr'><strong>Gorgades.</strong></span> <span class='ocrx_word' id='word_1_119' title='bbox 949 2900 1099 2987; x_wconf 84' lang='lat' dir='ltr'><strong>Quum,</strong></span> <span class='ocrx_word' id='word_1_120' title='bbox 1111 2897 1152 2968; x_wconf 90' lang='lat' dir='ltr'><strong>in</strong></span> 
     </span>
     <span class='ocr_line' id='line_1_20' title="bbox 133 3025 1154 3130; baseline 0.005 -33"><span class='ocrx_word' id='word_1_121' title='bbox 133 3051 176 3098; x_wconf 89' lang='lat' dir='ltr'><strong>eo</strong></span> <span class='ocrx_word' id='word_1_122' title='bbox 190 3025 297 3125; x_wconf 92' lang='lat' dir='ltr'><strong>quod</strong></span> <span class='ocrx_word' id='word_1_123' title='bbox 311 3029 352 3098; x_wconf 89' lang='lat' dir='ltr'><strong>in</strong></span> <span class='ocrx_word' id='word_1_124' title='bbox 367 3029 653 3130; x_wconf 71' lang='lat' dir='ltr'><strong>cosmographIa·</strong></span> <span class='ocrx_word' id='word_1_125' title='bbox 662 3027 803 3102; x_wconf 74' lang='lat' dir='ltr'><strong>liutius</strong></span> <span class='ocrx_word' id='word_1_126' title='bbox 815 3028 937 3102; x_wconf 81' lang='lat' dir='ltr'><strong>Malva</strong></span> <span class='ocrx_word' id='word_1_127' title='bbox 946 3029 1018 3103; x_wconf 87' lang='lat' dir='ltr'><strong>sub</strong></span> <span class='ocrx_word' id='word_1_128' title='bbox 1031 3028 1154 3114; x_wconf 74' lang='lat' dir='ltr'><strong>insula</strong></span> 
     </span>
     <span class='ocr_line' id='line_1_21' title="bbox 131 3133 1169 3262; baseline 0.006 -31"><span class='ocrx_word' id='word_1_129' title='bbox 131 3164 340 3233; x_wconf 85' lang='lat' dir='ltr'><strong>Fortunata</strong></span> <span class='ocrx_word' id='word_1_130' title='bbox 354 3164 458 3234; x_wconf 83' lang='lat' dir='ltr'><strong>nasci</strong></span> <span class='ocrx_word' id='word_1_131' title='bbox 473 3133 614 3253; x_wconf 85' lang='lat' dir='ltr'><strong>fertur,</strong></span> <span class='ocrx_word' id='word_1_132' title='bbox 636 3189 682 3236; x_wconf 82' lang='lat' dir='ltr'><strong>ex</strong></span> <span class='ocrx_word' id='word_1_133' title='bbox 696 3161 769 3236; x_wconf 80' lang='lat' dir='ltr'><strong>hoe</strong></span> <span class='ocrx_word' id='word_1_134' title='bbox 787 3179 907 3262; x_wconf 85' lang='lat' dir='ltr'><strong>prope</strong></span> <span class='ocrx_word' id='word_1_135' title='bbox 924 3162 973 3236; x_wconf 86' lang='lat' dir='ltr'><strong>ad</strong></span> <span class='ocrx_word' id='word_1_136' title='bbox 989 3160 1169 3237; x_wconf 78' lang='lat' dir='ltr'><strong>Africam-</strong></span> 
     </span>
     <span class='ocr_line' id='line_1_22' title="bbox 133 3292 1204 3398; baseline 0.004 -34"><span class='ocrx_word' id='word_1_137' title='bbox 133 3317 213 3364; x_wconf 88' lang='lat' dir='ltr'><strong>esse</strong></span> <span class='ocrx_word' id='word_1_138' title='bbox 227 3292 466 3392; x_wconf 87' lang='lat' dir='ltr'><strong>perhibetur.</strong></span> <span class='ocrx_word' id='word_1_139' title='bbox 481 3295 635 3368; x_wconf 83' lang='lat' dir='ltr'><strong>Distant</strong></span> <span class='ocrx_word' id='word_1_140' title='bbox 650 3311 778 3369; x_wconf 83' lang='lat' dir='ltr'><strong>autem</strong></span> <span class='ocrx_word' id='word_1_141' title='bbox 788 3296 982 3398; x_wconf 78' lang='lat' dir='ltr'><strong>‘Gorgodes</strong></span> <span class='ocrx_word' id='word_1_142' title='bbox 998 3297 1153 3374; x_wconf 87' lang='lat' dir='ltr'><strong>aconti·</strong></span> <span class='ocrx_word' id='word_1_143' title='bbox 1201 3339 1204 3348; x_wconf 91' lang='lat'>·</span> 
     </span>
     <span class='ocr_line' id='line_1_23' title="bbox 133 3403 1155 3530; baseline 0.002 -32"><span class='ocrx_word' id='word_1_144' title='bbox 133 3429 245 3498; x_wconf 89' lang='lat' dir='ltr'><strong>nenti</strong></span> <span class='ocrx_word' id='word_1_145' title='bbox 253 3441 354 3499; x_wconf 83' lang='lat' dir='ltr'><strong>terra</strong></span> <span class='ocrx_word' id='word_1_146' title='bbox 364 3426 473 3499; x_wconf 89' lang='lat' dir='ltr'><strong>bidui</strong></span> <span class='ocrx_word' id='word_1_147' title='bbox 485 3403 721 3528; x_wconf 80' lang='lat' dir='ltr'><strong>navigatione</strong></span> <span class='ocrx_word' id='word_1_148' title='bbox 732 3445 747 3522; x_wconf 79' lang='lat'><strong>‚&#39;</strong></span> <span class='ocrx_word' id='word_1_149' title='bbox 760 3445 803 3501; x_wconf 93' lang='lat' dir='ltr'><strong>ut</strong></span> <span class='ocrx_word' id='word_1_150' title='bbox 813 3432 853 3504; x_wconf 88' lang='lat' dir='ltr'><strong>in</strong></span> <span class='ocrx_word' id='word_1_151' title='bbox 861 3443 999 3530; x_wconf 88' lang='lat' dir='ltr'><strong>quarto</strong></span> <span class='ocrx_word' id='word_1_152' title='bbox 1007 3429 1155 3504; x_wconf 82' lang='lat' dir='ltr'><strong>decimo</strong></span> 
     </span>
     <span class='ocr_line' id='line_1_24' title="bbox 133 3533 1155 3661; baseline 0.002 -31"><span class='ocrx_word' id='word_1_153' title='bbox 133 3555 234 3632; x_wconf 89' lang='lat' dir='ltr'><strong>libro</strong></span> <span class='ocrx_word' id='word_1_154' title='bbox 252 3558 620 3661; x_wconf 78' lang='lat' dir='ltr'><strong>AEthimologiarum</strong></span> <span class='ocrx_word' id='word_1_155' title='bbox 638 3563 805 3638; x_wconf 89' lang='lat' dir='ltr'><strong>Isidorus</strong></span> <span class='ocrx_word' id='word_1_156' title='bbox 828 3566 891 3636; x_wconf 88' lang='lat' dir='ltr'><strong>ait.</strong></span> <span class='ocrx_word' id='word_1_157' title='bbox 912 3533 961 3638; x_wconf 86' lang='lat' dir='ltr'><strong>¹In</strong></span> <span class='ocrx_word' id='word_1_158' title='bbox 980 3562 1155 3636; x_wconf 86' lang='lat' dir='ltr'><strong>occiden-</strong></span> 
     </span>
     <span class='ocr_line' id='line_1_25' title="bbox 136 3667 1254 3795; baseline 0.003 -33"><span class='ocrx_word' id='word_1_159' title='bbox 136 3690 201 3762; x_wconf 87' lang='lat' dir='ltr'><strong>tali</strong></span> <span class='ocrx_word' id='word_1_160' title='bbox 214 3690 276 3764; x_wconf 91' lang='lat' dir='ltr'><strong>vel</strong></span> <span class='ocrx_word' id='word_1_161' title='bbox 292 3696 577 3792; x_wconf 84' lang='lat' dir='ltr'><strong>septentrionali</strong></span> <span class='ocrx_word' id='word_1_162' title='bbox 596 3703 691 3770; x_wconf 83' lang='lat' dir='ltr'><strong>mari</strong></span> <span class='ocrx_word' id='word_1_163' title='bbox 710 3698 896 3795; x_wconf 70' lang='lat' dir='ltr'><strong>Hispania</strong></span> <span class='ocrx_word' id='word_1_164' title='bbox 914 3695 1056 3769; x_wconf 87' lang='lat' dir='ltr'><strong>insulas</strong></span> <span class='ocrx_word' id='word_1_165' title='bbox 1072 3689 1155 3764; x_wconf 86' lang='lat' dir='ltr'><strong>fieri</strong></span> <span class='ocrx_word' id='word_1_166' title='bbox 1245 3667 1254 3674; x_wconf 85' lang='lat'>.</span> 
     </span>
     <span class='ocr_line' id='line_1_26' title="bbox 27 3803 1159 3934; baseline 0.004 -40"><span class='ocrx_word' id='word_1_167' title='bbox 27 3811 29 3819; x_wconf 53' lang='grc'>’</span> <span class='ocrx_word' id='word_1_168' title='bbox 138 3847 217 3896; x_wconf 90' lang='lat' dir='ltr'><strong>non</strong></span> <span class='ocrx_word' id='word_1_169' title='bbox 230 3803 402 3924; x_wconf 80' lang='lat' dir='ltr'><strong>legirirus.</strong></span> <span class='ocrx_word' id='word_1_170' title='bbox 419 3829 571 3904; x_wconf 85' lang='lat' dir='ltr'><strong>Circum</strong></span> <span class='ocrx_word' id='word_1_171' title='bbox 580 3844 751 3934; x_wconf 85' lang='lat' dir='ltr'><strong>nostram</strong></span> <span class='ocrx_word' id='word_1_172' title='bbox 765 3825 927 3901; x_wconf 87' lang='lat' dir='ltr'><strong>insulam</strong></span> <span class='ocrx_word' id='word_1_173' title='bbox 939 3823 1159 3899; x_wconf 78' lang='lat' dir='ltr'><strong>Hibernium</strong></span> 
     </span>
    </p>
   </div>
   <div class='ocr_carea' id='block_1_6' title="bbox 0 0 1396 4660">
    <p class='ocr_par' dir='ltr' id='par_1_8' title="bbox 0 0 1396 4660">
     <span class='ocr_line' id='line_1_27' title="bbox 0 0 1396 4660; baseline 0 0"><span class='ocrx_word' id='word_1_174' title='bbox 0 0 1396 4660; x_wconf 95' lang='lat' dir='ltr'><strong> </strong></span> 
     </span>
    </p>
   </div>
  </div>
 </body>
</html>
