2740 4660
343 379 350 413 ⁸
472 400 589 443 onais
617 403 778 444 nunnae.

114 517 248 583 Arduus
263 517 416 584 occiduas
428 487 543 584 Athlas
557 519 701 586 custodit
713 543 835 586 arenas.

115 641 258 707 Grandis
270 640 448 708 Alexandri
462 642 556 708 tellus
571 643 631 708 hos
646 659 751 708 servat
764 643 858 707 avita.

115 765 235 856 Frigus
248 767 283 828 in
298 767 432 831 excelsis
446 783 511 848 est,
526 768 634 832 servor
646 767 723 832 solis
737 767 772 830 in
786 766 877 830 imis:

115 889 157 952 Et
171 889 472 979 medium'spatium
487 889 574 954 fovet
588 891 751 956 AEronne
768 888 812 979 (ι)
828 910 976 972 serenus,

115 1012 283 1078 Athlantis
296 1013 434 1102 triplicis
447 1013 614 1079 fundentis
628 1013 763 1079 flumina
777 1036 876 1097 eumn

115 1135 155 1199 In
170 1151 279 1223 partes
293 1137 380 1218 euri,
397 1136 548 1225 zephyri,
565 1135 738 1224 boreaeque
750 1133 800 1200 vel
814 1137 927 1200 austri.

117 1259 364 1349 Quinquaginta
378 1260 478 1324 semel
490 1275 622 1325 eentum
637 1260 687 1326 bis
699 1259 801 1324 millia
816 1273 915 1348 supra¹

117 1381 234 1446 Pelion
248 1383 406 1448 extollens
421 1398 519 1472 eaput
533 1384 619 1446 inter
633 1382 747 1447 nubila
761 1381 885 1448 condit.

121 1503 274 1591 Quinque
287 1505 387 1594 Alpes
401 1503 508 1569 decies
523 1503 717 1594 transfigunt
730 1504 820 1569 milia
833 1523 972 1568 sursum.

120 1623 269 1690 solurius
283 1649 411 1692 summo
425 1625 583 1692 scandens
598 1625 639 1690 sit
652 1626 771 1690 vertice
785 1625 867 1691 coelo
882 1621 949 1714 (a),

119 1746 308 1814 Mensuram
322 1749 412 1815 haud
424 1749 488 1840 legi
504 1751 597 1838 cujus
612 1765 693 1837 quot
707 1747 797 1812 milia
810 1698 988 1838 eonqilent.

117 1869 310 1955 Thessalus,
324 1889 422 1962 atque
437 1873 557 1955 Italus,
573 1872 739 1977 Hispanus
753 1870 898 1959 possidet
912 1871 1009 1958 ipsos.

117 2063 216 2129 Posr
231 2065 437 2154 octingentos
450 2061 570 2153 viginti
585 2062 733 2148 quinque
746 2073 895 2147 peractos

117 2185 251 2258 Summi
265 2206 369 2248 annos
383 2183 520 2246 Domini
532 2197 643 2262 terre,
658 2179 773 2274 ethnae,
786 2177 1014 2260 nereensem,

118 2306 256 2372 Semine
272 2304 418 2385 triticeo,
435 2304 496 2368 sub
510 2304 595 2369 ruris
608 2302 743 2392 pulvere
756 2285 858 2383 testo,

118 2428 236 2496 Nocte,
245 2425 356 2490 Bobus
369 2427 498 2514 requies
513 2425 649 2515 largitur
664 2423 730 2490 fine
743 2423 875 2490 laboris.

161 2656 207 2733 (r)
227 2655 297 2730 Vid.
311 2653 658 2732 &emmanuelis-(2)
669 2654 739 2712 vid.
752 2653 998 2714 Grammaticelia.

542 2887 705 2952 FINIS.
