2740 4660
451 427 571 472 onais
596 401 758 471 winili.
1067 377 1110 470 3'3

105 539 253 615 insulis:
266 518 430 644 quarum
444 545 647 624 clarissima
662 560 717 618 est
731 543 971 618 scandinavia
979 523 1042 634 (¹),
1054 547 1113 618 in-

103 692 297 774 compertae
313 668 601 778 magnitudinis,¹
621 652 836 774 porlionem
849 691 998 749 tantum
1013 667 1114 773 ejus,

101 777 202 900 quod
216 810 267 880 sit
281 825 433 900 notum,
451 808 705 881 Hillevionum
715 807 763 885 (²)
776 819 887 907 gente
900 810 1117 907 quingentis

101 937 291 1014 incolente
304 938 489 1040 (³)·pagis,
506 967 591 1039 quae
608 939 770 1012 alterum
785 939 919 1012 orbem
930 953 1117 1014 terrarum

102 1051 182 1142 eam
197 1071 373 1172 appellat.
391 1077 469 1146 Nee
478 1076 604 1150 minor
612 1089 669 1145 est
679 1075 859 1170 opinione
871 1073 1013 1169 Epigia.
1028 1072 1120 1162 Qui·

100 1198 186 1274 dam
204 1204 286 1276 haec
304 1202 466 1276 habitari
484 1204 531 1276 ad
547 1203 732 1278 Vistulam
751 1228 872 1302 usque
892 1201 1077 1290 fluvium,
1099 1229 1121 1274 a

98 1315 275 1408 Sannaus
284 1392 294 1426 ,
303 1318 483 1427 Venedis,
499 1323 686 1434 Seirist'lue
699 1335 866 1407 tradunt.
884 1339 929 1406 In
942 1333 1122 1432 praedicta

101 1439 387 1566 cosmographia
406 1466 544 1566 legitur
557 1493 634 1559 esse
649 1466 770 1540 insula
788 1464 881 1539 Solis
893 1493 979 1565 quae
993 1464 1120 1565 appel·

99 1593 207 1667 latur
224 1601 402 1691 Perus'oa,
427 1599 493 1673 ubi
512 1604 658 1699 Ganges
676 1603 797 1671 intrat·
812 1602 852 1670 in
870 1623 985 1682 mare.
1012 1602 1058 1668 Et
1073 1601 1121 1696 ¹in

98 1727 236 1802 eodem
251 1731 422 1804 orientali
434 1757 574 1805 oceano
588 1708 772 1834 Hipodes,
787 1748 825 1804 et
841 1730 1120 1830 silephantine‚

99 1873 218 1958 atque
232 1862 383 1935 Theras.
403 1862 546 1964 Plinius
562 1863 757 1936 Secundus
772 1867 813 1934 in
828 1862 926 1936 libro
940 1841 1064 1953 sexto,
1081 1863 1125 1934 iu

95 1974 248 2066 oceano
263 1995 395 2066 Iudico
409 1995 550 2068 insulas
567 1993 667 2085 fieri,
686 1999 739 2065 ita
754 2010 898 2064 monet.
1143 2085 1147 2093 .

141 2129 328 2217 Quatuor
350 2130 526 2222 satrapiae
549 2149 647 2205 mou¹
660 2121 776 2220 paulo
798 2122 845 2194 ad
863 2104 1124 2252 Taprobanfm
1138 2095 1185 2302 c(

90 2255 274 2327 insulam
289 2253 489 2325 festinante
509 2252 557 2330 (4)
573 2256 710 2326 animo.
732 2255 823 2346 Sed,
845 2271 932 2328 ante
949 2272 1005 2328 est
1021 2255 1122 2329 Alio·

91 2384 231 2485 patale
245 2409 358 2483 quam
371 2383 660 2484 significavimus
672 2389 713 2457 in
725 2389 814 2484 ipsis
829 2385 1004 2461 faucibus
1014 2389 1121 2481 Indi,

91 2515 301 2618 triquadra
317 2516 440 2616 figura
453 2520 556 2590 effi.
572 2481 651 2638 dul.
666 2510 991 2662 passilatitudine.
1012 2525 1125 2594 Extra
1159 2481 1356 2702 γλαῦκ’]

94 2647 1120 2748 ostia'Indi,CriseetArgiielertilesmetallis,uteredo.
1178 2697 1189 2713 κ

93 2767 222 2873 Nam,
243 2780 349 2879 quod
365 2781 481 2880 aliqui
505 2780 691 2854 tradidere
708 2779 866 2854 aureum
885 2799 1123 2880 argenteum-

121 2939 177 2987 ue
204 2884 252 3036 lis
274 2913 397 2986 solum
422 2939 519 3004 esse,
544 2910 647 2985 haud
670 2910 778 2984 facile
799 2912 1037 2986 crediderim.
1066 2914 1124 2988 Ab
1157 2850 1226 2972 lli
1262 2969 1263 2972 ,

89 2941 166 3164 pis,
187 3033 263 3118 Ξῖ
278 3019 494 3190 *diepass‘
510 3045 728 3134 latitudine,
750 3043 896 3118 Crotale
910 3037 1121 3146 Tabeaque.
1140 3021 1171 3133 lt
1179 3013 1356 3200 saffram

92 3167 175 3270 ἶιῖ,
191 3179 330 3276 Bibaga
339 3165 471 3250 ostreis
480 3192 518 3247 et
527 3174 696 3248 conculis
709 3173 857 3248 referta.
870 3177 1014 3250 Deinde
1024 3179 1126 3252 Oral-

90 3309 179 3384 liba
191 3305 278 3402 ἧιῖῐ,
295 3287 396 3432 {up
412 3335 433 3382 a
447 3333 562 3408 supra
575 3307 695 3397 diota,
708 3307 913 3409 'multaeque
928 3312 1122 3410 ignobiles.
1145 3279 1214 3448 ‘W

88 3443 232 3516 Julius
254 3442 403 3515 Solinus
427 3445 468 3513 in
490 3442 1003 3544 postremapartepraedicti
1024 3443 1125 3514 illius

90 3574 198 3648 obri
214 3551 374 3674 senisu.
437 3579 439 3582 ·

139 3743 195 3821 (ι)
216 3744 285 3801 Vid.
301 3744 598 3801 Grammaticalia.-
614 3742 657 3822 (n)
676 3743 750 3799 Cod.
773 3723 856 3798 Lami
879 3743 928 3796 ille
942 3725 1071 3798 osonum.
1086 3765 1127 3786 -·

88 3857 145 3936 (3)
162 3835 242 3916 cod..
255 3861 337 3917 Lam.
355 3859 489 3918 incolent.
504 3883 543 3906 -a
558 3857 602 3934 (t.)
618 3856 717 3914 Codex
723 3855 928 3928 festinantem.

961 3961 983 4036 3
