2722 4652
1065 315 1107 386 77

150 593 531 668 SUPPLEMENTUM
548 599 613 668 ΑΙ)
631 597 1045 670 GRAMMATICALIA.

133 819 199 876 Sola
213 835 304 892 quam
320 816 430 872 nostris
444 816 529 872 MSS.
545 816 680 872 vovimus
695 817 785 874 nimia
799 815 872 873 fides
887 817 919 875 in
932 821 1020 878 causi
1033 818 1106 889 fuit,

98 951 157 1004 sur,
169 933 313 1008 plurimas
328 933 405 988 inter
414 948 520 1005 parom
534 941 705 1002 accuratas,
724 932 815 988 immi>
831 930 1034 990 vitiosissimas
1047 935 1107 990 lec-

93 1047 187 1114 tiones
204 1047 315 1104 horum
332 1047 426 1105 Codd.
445 1047 510 1103 duae
529 1048 664 1117 tantum,
685 1059 714 1103 et
736 1049 769 1103 in
788 1047 868 1104 notis
888 1046 968 1103 iniri
986 1045 1108 1123 paginas

99 1164 207 1232 relatis,
218 1163 288 1219 etin
297 1129 554 1266 Grammaticaliim
569 1162 753 1220 sedulitatem
766 1174 919 1231 nostram,
934 1180 1109 1238 omnemque

98 1277 180 1334 etiam
198 1277 339 1364 sugerunt
357 1296 475 1348 curam3
497 1295 588 1352 quas,
602 1277 658 1336 etsi
671 1276 797 1336 forsitan
811 1277 906 1334 seritis
925 1275 1012 1352 (post
1028 1277 1107 1334 enim

97 1392 266 1466 impressum
273 1411 348 1467 opus
358 1411 436 1448 nova
447 1393 508 1448 haec
518 1393 570 1454 lux
583 1391 698 1452 affulsit
707 1391 793 1456 nobis
802 1391 830 1470 )‚
841 1391 998 1448 restituere
1008 1397 1107 1448 tamen

97 1505 136 1561 ad
148 1505 464 1563 lectoriscommodum
477 1505 608 1566 nitimur.

171 1657 246 1731 Pog.
263 1656 317 1728 36,
332 1659 384 1712 lin.
404 1655 449 1720 ιδ.

134 1772 210 1828 Mali
221 1783 290 1846 post
293 1791 458 1847 passuum,
472 1782 616 1847 punctum
625 1781 655 1828 et
667 1772 767 1827 altirea
780 1769 943 1845 recipitur:
956 1789 1040 1840 nam,
1051 1769 1109 1827 hoo

97 1887 199 1956 modo,
212 1887 329 1961 phrasis
343 1887 545 1957 interciditur,
557 1883 592 1944 'et
605 1887 682 1944 ordo
694 1887 846 1943 turbatur.
861 1861 1032 1960 Legendum
1043 1895 1106 1950 est3

137 2033 191 2098 Sic
217 2035 366 2099 eamdem
392 2033 630 2124 longitudinem
653 2051 685 2098 et
708 2031 915 2098 latitudinem
937 2053 997 2120 per
1019 2031 1109 2108 milia

96 2179 249 2244 passuum
263 2173 377 2244 postea
387 2153 532 2222 Isidorus
544 2157 579 2220 in
591 2179 668 2222 xnn
678 2156 1011 2248 AEthymologiarum
1021 2155 1110 2220 libro

96 2279 257 2362 ostendit,
272 2279 384 2344 diceus
399 2303 407 2343 ε
423 2296 483 2345 etc,

172 2442 248 2516 Pag.
265 2449 318 2514 44,
334 2443 385 2508 lin,
404 2442 450 2502 18.

133 2559 168 2614 In
183 2557 300 2614 duobus
314 2559 423 2614 uostris
438 2557 533 2616 Codd.
547 2558 675 2634 legitur:
689 2563 775 2614 Inter
783 2577 815 2614 se
827 2569 928 2614 autem
933 2567 1108 2633 promunto-

102 2671 140 2725 nis
152 2691 188 2728 ac
201 2659 296 2728 latera
311 2673 452 2728 distantia
464 2673 577 2752 specim
597 2675 668 2743 Quae
685 2673 801 2747 phrasis
818 2691 921 2729 manca
935 2683 999 2742 est,
1018 2683 1109 2746 atque

102 2783 182 2842 etiam
194 2806 282 2843 sensu
293 2800 382 2844 caret.
399 2789 454 2856 At,
469 2804 518 2872 ap.
531 2789 606 2844 Plin.
623 2790 734 2847 Senex
745 2806 807 2862 quo
819 2786 867 2841 hic
882 2798 1036 2859 excerptus
1051 2783 1109 2840 fuit

100 2897 189 2970 locus,
203 2901 329 2977 legitur:

139 3049 227 3114 Inter
235 3071 272 3114 se
284 3064 392 3114 autem
404 3049 633 3138 promuntorio
644 3071 682 3114 ac
691 3049 791 3114 latera
804 3045 960 3112 distantia
973 3047 1024 3113 his
1036 3069 1108 3136 spa-

77 3155 80 3162 ’
103 3169 160 3234 tiis.

137 3307 179 3388 lt'a
191 3299 287 3406 nuuc,
298 3333 379 3398 recti
392 3329 457 3390 fluit
470 3331 582 3401 orado,
598 3341 627 3390 et
641 3349 742 3390 seusus
757 3330 928 3408 percipitur.

532 3517 674 3581 utura.
730 3497 733 3506 “
811 3501 814 3520 “
