<?xml version="1.0" encoding="UTF-8"?>
<!DOCTYPE html PUBLIC "-//W3C//DTD XHTML 1.0 Transitional//EN"
    "http://www.w3.org/TR/xhtml1/DTD/xhtml1-transitional.dtd">
<html xmlns="http://www.w3.org/1999/xhtml" xml:lang="en" lang="en">
 <head>
  <title>
</title>
<meta http-equiv="Content-Type" content="text/html;charset=utf-8" />
  <meta name='ocr-system' content='tesseract 3.04.00' />
  <meta name='ocr-capabilities' content='ocr_page ocr_carea ocr_par ocr_line ocrx_word'/>
</head>
<body>
  <div class='ocr_page' id='page_1' title='image "./liberdemensurao00walcgoog_0071.png"; bbox 0 0 2740 4660; ppageno 0'>
   <div class='ocr_carea' id='block_1_1' title="bbox 139 251 1359 3508">
    <p class='ocr_par' dir='ltr' id='par_1_1' title="bbox 139 251 1359 3508">
     <span class='ocr_line' id='line_1_1' title="bbox 247 251 884 316; baseline -0.002 0"><span class='ocrx_word' id='word_1_1' title='bbox 247 251 288 316; x_wconf 69' lang='lat' dir='ltr'><strong>lto</strong></span> <span class='ocrx_word' id='word_1_2' title='bbox 620 265 669 316; x_wconf 77' lang='lat' dir='ltr'><strong>nn</strong></span> <span class='ocrx_word' id='word_1_3' title='bbox 694 273 884 316; x_wconf 72' lang='lat' dir='ltr'><strong>antenna</strong></span> 
     </span>
     <span class='ocr_line' id='line_1_2' title="bbox 243 379 1263 491; baseline -0.001 -29"><span class='ocrx_word' id='word_1_4' title='bbox 243 393 306 462; x_wconf 89' lang='lat' dir='ltr'><strong>nia</strong></span> <span class='ocrx_word' id='word_1_5' title='bbox 317 388 615 488; x_wconf 66' lang='lat' dir='ltr'><strong>insulaqualibet</strong></span> <span class='ocrx_word' id='word_1_6' title='bbox 625 392 888 491; x_wconf 89' lang='lat' dir='ltr'><strong>amplitudine,</strong></span> <span class='ocrx_word' id='word_1_7' title='bbox 900 379 1148 488; x_wconf 81' lang='lat' dir='ltr'><strong>nomenpe&#39;n&#39;e</strong></span> <span class='ocrx_word' id='word_1_8' title='bbox 1157 386 1263 462; x_wconf 84' lang='lat' dir='ltr'><strong>orbis</strong></span> 
     </span>
     <span class='ocr_line' id='line_1_3' title="bbox 245 520 1261 620; baseline -0.003 -24"><span class='ocrx_word' id='word_1_9' title='bbox 245 523 398 596; x_wconf 85' lang='lat' dir='ltr'><strong>alterius</strong></span> <span class='ocrx_word' id='word_1_10' title='bbox 412 539 620 596; x_wconf 88' lang='lat' dir='ltr'><strong>mereretur</strong></span> <span class='ocrx_word' id='word_1_11' title='bbox 634 521 694 602; x_wconf 88' lang='lat'>(¹).</span> <span class='ocrx_word' id='word_1_12' title='bbox 721 533 833 598; x_wconf 71' lang='lat' dir='ltr'><strong>acccta</strong></span> <span class='ocrx_word' id='word_1_13' title='bbox 848 525 950 594; x_wconf 88' lang='lat' dir='ltr'><strong>enirn</strong></span> <span class='ocrx_word' id='word_1_14' title='bbox 966 538 1002 594; x_wconf 89' lang='lat' dir='ltr'><strong>et</strong></span> <span class='ocrx_word' id='word_1_15' title='bbox 1018 520 1179 620; x_wconf 86' lang='lat' dir='ltr'><strong>amplius</strong></span> <span class='ocrx_word' id='word_1_16' title='bbox 1193 521 1261 594; x_wconf 89' lang='lat' dir='ltr'><strong>mi·</strong></span> 
     </span>
     <span class='ocr_line' id='line_1_4' title="bbox 244 651 1260 755; baseline -0.001 -32"><span class='ocrx_word' id='word_1_17' title='bbox 244 652 293 726; x_wconf 88' lang='lat' dir='ltr'><strong>lia</strong></span> <span class='ocrx_word' id='word_1_18' title='bbox 310 678 490 755; x_wconf 89' lang='lat' dir='ltr'><strong>passuum</strong></span> <span class='ocrx_word' id='word_1_19' title='bbox 508 655 548 726; x_wconf 92' lang='lat' dir='ltr'><strong>in</strong></span> <span class='ocrx_word' id='word_1_20' title='bbox 564 653 801 754; x_wconf 86' lang='lat' dir='ltr'>longitudine</span> <span class='ocrx_word' id='word_1_21' title='bbox 817 655 972 742; x_wconf 81' lang='lat' dir='ltr'><strong>detinet.</strong></span> <span class='ocrx_word' id='word_1_22' title='bbox 996 659 1041 724; x_wconf 90' lang='lat' dir='ltr'><strong>In</strong></span> <span class='ocrx_word' id='word_1_23' title='bbox 1060 651 1260 724; x_wconf 89' lang='lat' dir='ltr'><strong>latitudine</strong></span> 
     </span>
     <span class='ocr_line' id='line_1_5' title="bbox 244 782 1261 885; baseline -0.002 -27"><span class='ocrx_word' id='word_1_24' title='bbox 244 793 321 858; x_wconf 51' lang='lat' dir='ltr'><strong>ceu.</strong></span> <span class='ocrx_word' id='word_1_25' title='bbox 344 785 449 857; x_wconf 89' lang='lat' dir='ltr'><strong>Idem</strong></span> <span class='ocrx_word' id='word_1_26' title='bbox 467 783 582 883; x_wconf 88' lang='lat' dir='ltr'><strong>paulo</strong></span> <span class='ocrx_word' id='word_1_27' title='bbox 603 801 701 885; x_wconf 90' lang='lat' dir='ltr'><strong>post.</strong></span> <span class='ocrx_word' id='word_1_28' title='bbox 725 784 858 858; x_wconf 89' lang='lat' dir='ltr'><strong>Multis</strong></span> <span class='ocrx_word' id='word_1_29' title='bbox 876 782 1009 857; x_wconf 89' lang='lat' dir='ltr'><strong>insulis</strong></span> <span class='ocrx_word' id='word_1_30' title='bbox 1029 809 1099 856; x_wconf 92' lang='lat' dir='ltr'><strong>nec</strong></span> <span class='ocrx_word' id='word_1_31' title='bbox 1116 782 1261 881; x_wconf 85' lang='lat' dir='ltr'><strong>ignobi-</strong></span> 
     </span>
     <span class='ocr_line' id='line_1_6' title="bbox 242 897 1262 1016; baseline -0.001 -28"><span class='ocrx_word' id='word_1_32' title='bbox 242 914 344 989; x_wconf 90' lang='lat' dir='ltr'><strong>libus</strong></span> <span class='ocrx_word' id='word_1_33' title='bbox 360 916 636 1009; x_wconf 88' lang='lat' dir='ltr'><strong>circumdatur,</strong></span> <span class='ocrx_word' id='word_1_34' title='bbox 652 943 816 1016; x_wconf 86' lang='lat' dir='ltr'><strong>quarum</strong></span> <span class='ocrx_word' id='word_1_35' title='bbox 832 916 1010 990; x_wconf 81' lang='lat' dir='ltr'><strong>Hibernia</strong></span> <span class='ocrx_word' id='word_1_36' title='bbox 1025 918 1059 987; x_wconf 91' lang='lat' dir='ltr'><strong>ei</strong></span> <span class='ocrx_word' id='word_1_37' title='bbox 1073 897 1262 1014; x_wconf 85' lang='lat' dir='ltr'><strong>proximat</strong></span> 
     </span>
     <span class='ocr_line' id='line_1_7' title="bbox 204 1047 1261 1146; baseline -0.001 -29"><span class='ocrx_word' id='word_1_38' title='bbox 204 1093 206 1100; x_wconf 70' lang='lat'><strong>,</strong></span> <span class='ocrx_word' id='word_1_39' title='bbox 242 1049 516 1146; x_wconf 83' lang='lat' dir='ltr'><strong>magnitudine.</strong></span> <span class='ocrx_word' id='word_1_40' title='bbox 543 1047 642 1122; x_wconf 85' lang='lat' dir='ltr'><strong>Alias</strong></span> <span class='ocrx_word' id='word_1_41' title='bbox 664 1050 716 1121; x_wconf 89' lang='lat' dir='ltr'><strong>ita</strong></span> <span class='ocrx_word' id='word_1_42' title='bbox 734 1047 936 1146; x_wconf 75' lang='lat' dir='ltr'><strong>pabulosa,</strong></span> <span class='ocrx_word' id='word_1_43' title='bbox 964 1063 1008 1119; x_wconf 88' lang='lat' dir='ltr'><strong>ut</strong></span> <span class='ocrx_word' id='word_1_44' title='bbox 1027 1071 1164 1146; x_wconf 87' lang='lat' dir='ltr'><strong>pecora</strong></span> <span class='ocrx_word' id='word_1_45' title='bbox 1182 1047 1261 1120; x_wconf 87' lang='lat' dir='ltr'><strong>nisi</strong></span> 
     </span>
     <span class='ocr_line' id='line_1_8' title="bbox 242 1159 1256 1278; baseline 0 -30"><span class='ocrx_word' id='word_1_46' title='bbox 242 1178 647 1276; x_wconf 88' lang='lat' dir='ltr'><strong>interdumapastibus</strong></span> <span class='ocrx_word' id='word_1_47' title='bbox 656 1159 868 1271; x_wconf 84' lang='lat' dir='ltr'><strong>arceantur,</strong></span> <span class='ocrx_word' id='word_1_48' title='bbox 880 1177 1256 1278; x_wconf 81' lang='lat' dir='ltr'><strong>adperi&#39;culumagat.</strong></span> 
     </span>
     <span class='ocr_line' id='line_1_9' title="bbox 151 1292 1259 1409; baseline 0.004 -30"><span class='ocrx_word' id='word_1_49' title='bbox 151 1299 154 1305; x_wconf 65' lang='grc'><strong>’</strong></span> <span class='ocrx_word' id='word_1_50' title='bbox 193 1403 195 1406; x_wconf 81' lang='lat'>.</span> <span class='ocrx_word' id='word_1_51' title='bbox 236 1309 471 1409; x_wconf 83' lang='lat' dir='ltr'><strong>tdempauto</strong></span> <span class='ocrx_word' id='word_1_52' title='bbox 480 1292 578 1408; x_wconf 70' lang='lat' dir='ltr'><strong>post.</strong></span> <span class='ocrx_word' id='word_1_53' title='bbox 596 1310 664 1384; x_wconf 85' lang='lat' dir='ltr'><strong>sed</strong></span> <span class='ocrx_word' id='word_1_54' title='bbox 676 1335 778 1384; x_wconf 89' lang='lat' dir='ltr'><strong>mare</strong></span> <span class='ocrx_word' id='word_1_55' title='bbox 787 1309 892 1409; x_wconf 90' lang='lat' dir='ltr'><strong>quod</strong></span> <span class='ocrx_word' id='word_1_56' title='bbox 907 1310 1113 1383; x_wconf 87' lang='lat' dir='ltr'><strong>interhanc</strong></span> <span class='ocrx_word' id='word_1_57' title='bbox 1123 1311 1259 1383; x_wconf 90' lang='lat' dir='ltr'><strong>etBrit·</strong></span> 
     </span>
     <span class='ocr_line' id='line_1_10' title="bbox 237 1438 1258 1539; baseline 0.004 -29"><span class='ocrx_word' id='word_1_58' title='bbox 237 1443 410 1512; x_wconf 86' lang='lat' dir='ltr'><strong>tanniam</strong></span> <span class='ocrx_word' id='word_1_59' title='bbox 425 1438 597 1514; x_wconf 81' lang='lat' dir='ltr'><strong>interluit</strong></span> <span class='ocrx_word' id='word_1_60' title='bbox 608 1441 1112 1539; x_wconf 83' lang='lat' dir='ltr'><strong>undosuminquietumque</strong></span> <span class='ocrx_word' id='word_1_61' title='bbox 1127 1455 1207 1514; x_wconf 89' lang='lat' dir='ltr'><strong>toto</strong></span> <span class='ocrx_word' id='word_1_62' title='bbox 1217 1443 1258 1514; x_wconf 91' lang='lat' dir='ltr'><strong>in</strong></span> 
     </span>
     <span class='ocr_line' id='line_1_11' title="bbox 241 1571 1256 1673; baseline 0.002 -31"><span class='ocrx_word' id='word_1_63' title='bbox 241 1597 360 1664; x_wconf 91' lang='lat' dir='ltr'><strong>anno,</strong></span> <span class='ocrx_word' id='word_1_64' title='bbox 377 1597 456 1644; x_wconf 91' lang='lat' dir='ltr'><strong>non</strong></span> <span class='ocrx_word' id='word_1_65' title='bbox 471 1571 519 1648; x_wconf 79' lang='lat'><strong>(²)</strong></span> <span class='ocrx_word' id='word_1_66' title='bbox 534 1576 606 1644; x_wconf 89' lang='lat' dir='ltr'><strong>nisi</strong></span> <span class='ocrx_word' id='word_1_67' title='bbox 619 1571 791 1672; x_wconf 85' lang='lat' dir='ltr'><strong>pauculis</strong></span> <span class='ocrx_word' id='word_1_68' title='bbox 806 1571 941 1645; x_wconf 89' lang='lat' dir='ltr'><strong>diebus</strong></span> <span class='ocrx_word' id='word_1_69' title='bbox 955 1589 1011 1645; x_wconf 86' lang='lat' dir='ltr'><strong>est</strong></span> <span class='ocrx_word' id='word_1_70' title='bbox 1025 1572 1256 1673; x_wconf 81' lang='lat' dir='ltr'><strong>navigabile3</strong></span> 
     </span>
     <span class='ocr_line' id='line_1_12' title="bbox 239 1702 1260 1804; baseline 0.002 -28"><span class='ocrx_word' id='word_1_71' title='bbox 239 1702 355 1803; x_wconf 89' lang='lat' dir='ltr'><strong>idque</strong></span> <span class='ocrx_word' id='word_1_72' title='bbox 370 1706 410 1776; x_wconf 94' lang='lat' dir='ltr'><strong>in</strong></span> <span class='ocrx_word' id='word_1_73' title='bbox 425 1719 580 1778; x_wconf 89' lang='lat' dir='ltr'><strong>centum</strong></span> <span class='ocrx_word' id='word_1_74' title='bbox 589 1706 723 1804; x_wconf 85' lang='lat' dir='ltr'><strong>viginti</strong></span> <span class='ocrx_word' id='word_1_75' title='bbox 738 1704 842 1776; x_wconf 86' lang='lat' dir='ltr'><strong>milia</strong></span> <span class='ocrx_word' id='word_1_76' title='bbox 854 1729 1033 1803; x_wconf 84' lang='lat' dir='ltr'><strong>passuum</strong></span> <span class='ocrx_word' id='word_1_77' title='bbox 1047 1703 1260 1790; x_wconf 81' lang='lat' dir='ltr'><strong>latitudinis</strong></span> 
     </span>
     <span class='ocr_line' id='line_1_13' title="bbox 236 1807 1260 1932; baseline 0.004 -24"><span class='ocrx_word' id='word_1_78' title='bbox 236 1809 471 1908; x_wconf 82' lang='lat' dir='ltr'><strong>&#39;diffunditur</strong></span> <span class='ocrx_word' id='word_1_79' title='bbox 480 1837 579 1932; x_wconf 83' lang='lat' dir='ltr'><strong>inter</strong></span> <span class='ocrx_word' id='word_1_80' title='bbox 591 1835 839 1923; x_wconf 86' lang='lat' dir='ltr'><strong>Brittanniam</strong></span> <span class='ocrx_word' id='word_1_81' title='bbox 856 1850 892 1907; x_wconf 87' lang='lat' dir='ltr'><strong>et</strong></span> <span class='ocrx_word' id='word_1_82' title='bbox 905 1838 1073 1908; x_wconf 88' lang='lat' dir='ltr'><strong>Morinos</strong></span> <span class='ocrx_word' id='word_1_83' title='bbox 1088 1838 1128 1908; x_wconf 92' lang='lat' dir='ltr'><strong>in</strong></span> <span class='ocrx_word' id='word_1_84' title='bbox 1140 1807 1260 1912; x_wconf 70' lang='lat' dir='ltr'><strong>(tallia</strong></span> 
     </span>
     <span class='ocr_line' id='line_1_14' title="bbox 235 1964 1258 2065; baseline -0.001 -25"><span class='ocrx_word' id='word_1_85' title='bbox 235 1964 400 2065; x_wconf 80' lang='lat' dir='ltr'><strong>Belgica,</strong></span> <span class='ocrx_word' id='word_1_86' title='bbox 424 1966 492 2039; x_wconf 91' lang='lat' dir='ltr'><strong>ubi</strong></span> <span class='ocrx_word' id='word_1_87' title='bbox 514 1967 643 2038; x_wconf 80' lang='lat' dir='ltr'><strong>civitas</strong></span> <span class='ocrx_word' id='word_1_88' title='bbox 664 1967 810 2065; x_wconf 86' lang='lat' dir='ltr'><strong>Rutupi</strong></span> <span class='ocrx_word' id='word_1_89' title='bbox 830 1981 965 2064; x_wconf 87' lang='lat' dir='ltr'><strong>portus</strong></span> <span class='ocrx_word' id='word_1_90' title='bbox 987 1982 1063 2058; x_wconf 84' lang='lat' dir='ltr'><strong>est3</strong></span> <span class='ocrx_word' id='word_1_91' title='bbox 1089 1967 1192 2038; x_wconf 90' lang='lat' dir='ltr'><strong>unde</strong></span> <span class='ocrx_word' id='word_1_92' title='bbox 1214 1968 1258 2041; x_wconf 93' lang='lat' dir='ltr'><strong>in</strong></span> 
     </span>
     <span class='ocr_line' id='line_1_15' title="bbox 236 2095 1261 2195; baseline -0.001 -26"><span class='ocrx_word' id='word_1_93' title='bbox 236 2099 486 2170; x_wconf 84' lang='lat' dir='ltr'><strong>Brittanniam</strong></span> <span class='ocrx_word' id='word_1_94' title='bbox 508 2098 704 2195; x_wconf 84' lang='lat' dir='ltr'><strong>proximus</strong></span> <span class='ocrx_word' id='word_1_95' title='bbox 725 2111 763 2169; x_wconf 89' lang='lat' dir='ltr'><strong>et</strong></span> <span class='ocrx_word' id='word_1_96' title='bbox 782 2095 1024 2169; x_wconf 86' lang='lat' dir='ltr'><strong>brevissimus</strong></span> <span class='ocrx_word' id='word_1_97' title='bbox 1047 2113 1105 2171; x_wconf 85' lang='lat' dir='ltr'><strong>est·</strong></span> <span class='ocrx_word' id='word_1_98' title='bbox 1124 2100 1261 2170; x_wconf 89' lang='lat' dir='ltr'><strong>transi-</strong></span> 
     </span>
     <span class='ocr_line' id='line_1_16' title="bbox 230 2209 1359 2328; baseline 0 -28"><span class='ocrx_word' id='word_1_99' title='bbox 230 2226 321 2318; x_wconf 69' lang='lat' dir='ltr'><strong>‘tus;</strong></span> <span class='ocrx_word' id='word_1_100' title='bbox 335 2230 492 2324; x_wconf 76' lang='lat' dir='ltr'><strong>cujusin</strong></span> <span class='ocrx_word' id='word_1_101' title='bbox 502 2227 656 2327; x_wconf 85' lang='lat' dir='ltr'><strong>milibus</strong></span> <span class='ocrx_word' id='word_1_102' title='bbox 666 2255 686 2298; x_wconf 82' lang='lat' dir='ltr'><strong>n</strong></span> <span class='ocrx_word' id='word_1_103' title='bbox 696 2253 775 2328; x_wconf 89' lang='lat' dir='ltr'><strong>pas.</strong></span> <span class='ocrx_word' id='word_1_104' title='bbox 788 2284 798 2318; x_wconf 92' lang='lat'><strong>,</strong></span> <span class='ocrx_word' id='word_1_105' title='bbox 809 2231 904 2320; x_wconf 82' lang='lat' dir='ltr'><strong>sive,</strong></span> <span class='ocrx_word' id='word_1_106' title='bbox 920 2243 962 2300; x_wconf 92' lang='lat' dir='ltr'><strong>ut</strong></span> <span class='ocrx_word' id='word_1_107' title='bbox 975 2209 1130 2327; x_wconf 89' lang='lat' dir='ltr'><strong>quidam</strong></span> <span class='ocrx_word' id='word_1_108' title='bbox 1140 2213 1259 2328; x_wconf 78' lang='lat' dir='ltr'><strong>scrip·</strong></span> <span class='ocrx_word' id='word_1_109' title='bbox 1358 2275 1359 2310; x_wconf 60' lang='lat'><em>2</em></span> 
     </span>
     <span class='ocr_line' id='line_1_17' title="bbox 240 2335 1260 2450; baseline 0 -18"><span class='ocrx_word' id='word_1_110' title='bbox 240 2372 398 2450; x_wconf 88' lang='lat' dir='ltr'><strong>serunt,</strong></span> <span class='ocrx_word' id='word_1_111' title='bbox 418 2360 459 2430; x_wconf 91' lang='lat' dir='ltr'><strong>in</strong></span> <span class='ocrx_word' id='word_1_112' title='bbox 476 2383 583 2432; x_wconf 85' lang='lat' dir='ltr'><strong>ccccn</strong></span> <span class='ocrx_word' id='word_1_113' title='bbox 603 2335 732 2432; x_wconf 84' lang='lat' dir='ltr'><strong>stadiis</strong></span> <span class='ocrx_word' id='word_1_114' title='bbox 749 2356 909 2432; x_wconf 89' lang='lat' dir='ltr'><strong>latitudo</strong></span> <span class='ocrx_word' id='word_1_115' title='bbox 926 2375 1126 2432; x_wconf 84' lang='lat' dir='ltr'><strong>coartatur.</strong></span> <span class='ocrx_word' id='word_1_116' title='bbox 1151 2345 1260 2432; x_wconf 84' lang='lat' dir='ltr'><strong>Idem</strong></span> 
     </span>
     <span class='ocr_line' id='line_1_18' title="bbox 240 2488 1260 2590; baseline 0.003 -29"><span class='ocrx_word' id='word_1_117' title='bbox 240 2488 362 2561; x_wconf 87' lang='lat' dir='ltr'><strong>Julius</strong></span> <span class='ocrx_word' id='word_1_118' title='bbox 369 2488 485 2587; x_wconf 88' lang='lat' dir='ltr'><strong>paulo</strong></span> <span class='ocrx_word' id='word_1_119' title='bbox 493 2504 579 2587; x_wconf 89' lang='lat' dir='ltr'><strong>post</strong></span> <span class='ocrx_word' id='word_1_120' title='bbox 590 2513 601 2561; x_wconf 78' lang='lat' dir='ltr'><strong>t</strong></span> <span class='ocrx_word' id='word_1_121' title='bbox 614 2490 796 2562; x_wconf 85' lang='lat' dir='ltr'><strong>circuitus</strong></span> <span class='ocrx_word' id='word_1_122' title='bbox 806 2491 1021 2565; x_wconf 83' lang='lat' dir='ltr'><strong>Brittanniae</strong></span> <span class='ocrx_word' id='word_1_123' title='bbox 1035 2489 1260 2590; x_wconf 77' lang='lat' dir='ltr'><strong>quadragies</strong></span> 
     </span>
     <span class='ocr_line' id='line_1_19' title="bbox 139 2601 1260 2720; baseline 0.004 -26"><span class='ocrx_word' id='word_1_124' title='bbox 139 2621 141 2626; x_wconf 71' lang='grc'><strong>’</strong></span> <span class='ocrx_word' id='word_1_125' title='bbox 241 2601 357 2695; x_wconf 88' lang='lat' dir='ltr'><strong>octies</strong></span> <span class='ocrx_word' id='word_1_126' title='bbox 373 2646 469 2692; x_wconf 81' lang='lat' dir='ltr'><strong>uxxv</strong></span> <span class='ocrx_word' id='word_1_127' title='bbox 484 2635 585 2694; x_wconf 88' lang='lat' dir='ltr'><strong>sunt.</strong></span> <span class='ocrx_word' id='word_1_128' title='bbox 609 2623 646 2691; x_wconf 88' lang='lat' dir='ltr'><strong>Si</strong></span> <span class='ocrx_word' id='word_1_129' title='bbox 662 2618 748 2719; x_wconf 86' lang='lat' dir='ltr'><strong>quis</strong></span> <span class='ocrx_word' id='word_1_130' title='bbox 763 2618 927 2694; x_wconf 82' lang='lat' dir='ltr'><strong>voluerit</strong></span> <span class='ocrx_word' id='word_1_131' title='bbox 943 2623 1061 2720; x_wconf 82' lang='lat' dir='ltr'><strong>ipsius</strong></span> <span class='ocrx_word' id='word_1_132' title='bbox 1077 2624 1260 2698; x_wconf 87' lang='lat' dir='ltr'><strong>circuitus</strong></span> 
     </span>
     <span class='ocr_line' id='line_1_20' title="bbox 240 2748 1258 2853; baseline 0 -27"><span class='ocrx_word' id='word_1_133' title='bbox 240 2753 458 2828; x_wconf 83' lang='lat' dir='ltr'><strong>¹mensuram</strong></span> <span class='ocrx_word' id='word_1_134' title='bbox 479 2748 655 2847; x_wconf 89' lang='lat' dir='ltr'><strong>scriptam</strong></span> <span class='ocrx_word' id='word_1_135' title='bbox 674 2749 722 2822; x_wconf 93' lang='lat' dir='ltr'><strong>ab</strong></span> <span class='ocrx_word' id='word_1_136' title='bbox 740 2748 841 2823; x_wconf 85' lang='lat' dir='ltr'><strong>Julio</strong></span> <span class='ocrx_word' id='word_1_137' title='bbox 859 2749 1258 2853; x_wconf 79' lang='lat' dir='ltr'><strong>faciliusintelligere,</strong></span> 
     </span>
     <span class='ocr_line' id='line_1_21' title="bbox 238 2862 1260 2974; baseline -0.001 -17"><span class='ocrx_word' id='word_1_138' title='bbox 238 2867 343 2957; x_wconf 56' lang='lat' dir='ltr'><strong>c—cc&#39;c.</strong></span> <span class='ocrx_word' id='word_1_139' title='bbox 367 2903 575 2972; x_wconf 74' lang='lat' dir='ltr'><strong>reseces,</strong></span> <span class='ocrx_word' id='word_1_140' title='bbox 598 2883 674 2953; x_wconf 88' lang='lat' dir='ltr'><strong>sive</strong></span> <span class='ocrx_word' id='word_1_141' title='bbox 692 2862 825 2955; x_wconf 51' lang='lat' dir='ltr'><strong>‘fid-cc}</strong></span> <span class='ocrx_word' id='word_1_142' title='bbox 850 2908 935 2956; x_wconf 89' lang='lat' dir='ltr'><strong>cccc</strong></span> <span class='ocrx_word' id='word_1_143' title='bbox 957 2908 1028 2974; x_wconf 78' lang='lat' dir='ltr'><strong>es,</strong></span> <span class='ocrx_word' id='word_1_144' title='bbox 1056 2899 1159 2956; x_wconf 84' lang='lat' dir='ltr'><strong>certe</strong></span> <span class='ocrx_word' id='word_1_145' title='bbox 1176 2883 1260 2967; x_wconf 75' lang='lat' dir='ltr'><strong>lore</strong></span> 
     </span>
     <span class='ocr_line' id='line_1_22' title="bbox 241 3010 1258 3113; baseline 0 -24"><span class='ocrx_word' id='word_1_146' title='bbox 241 3029 452 3113; x_wconf 82' lang='lat' dir='ltr'><strong>cognoscat.</strong></span> <span class='ocrx_word' id='word_1_147' title='bbox 472 3012 564 3103; x_wconf 85' lang='lat' dir='ltr'><strong>Sed,</strong></span> <span class='ocrx_word' id='word_1_148' title='bbox 582 3015 613 3084; x_wconf 90' lang='lat' dir='ltr'><strong>si</strong></span> <span class='ocrx_word' id='word_1_149' title='bbox 630 3010 743 3084; x_wconf 86' lang='lat' dir='ltr'><strong>alicui</strong></span> <span class='ocrx_word' id='word_1_150' title='bbox 760 3011 924 3088; x_wconf 89' lang='lat' dir='ltr'><strong>tardenti</strong></span> <span class='ocrx_word' id='word_1_151' title='bbox 938 3017 1092 3113; x_wconf 86' lang='lat' dir='ltr'><strong>ingenio</strong></span> <span class='ocrx_word' id='word_1_152' title='bbox 1108 3015 1187 3088; x_wconf 80' lang='lat' dir='ltr'><strong>haec</strong></span> <span class='ocrx_word' id='word_1_153' title='bbox 1202 3015 1258 3090; x_wconf 89' lang='lat' dir='ltr'><strong>di-</strong></span> 
     </span>
     <span class='ocr_line' id='line_1_23' title="bbox 241 3140 1259 3243; baseline 0.005 -28"><span class='ocrx_word' id='word_1_154' title='bbox 241 3146 387 3218; x_wconf 87' lang='lat' dir='ltr'><strong>mensio</strong></span> <span class='ocrx_word' id='word_1_155' title='bbox 413 3145 602 3216; x_wconf 90' lang='lat' dir='ltr'><strong>nonsatis</strong></span> <span class='ocrx_word' id='word_1_156' title='bbox 625 3140 778 3234; x_wconf 83' lang='lat' dir='ltr'><strong>lecerit,</strong></span> <span class='ocrx_word' id='word_1_157' title='bbox 805 3140 963 3216; x_wconf 84' lang='lat' dir='ltr'><strong>miliaria</strong></span> <span class='ocrx_word' id='word_1_158' title='bbox 987 3147 1091 3243; x_wconf 87' lang='lat' dir='ltr'><strong>signa</strong></span> <span class='ocrx_word' id='word_1_159' title='bbox 1114 3148 1154 3216; x_wconf 91' lang='lat' dir='ltr'><strong>in</strong></span> <span class='ocrx_word' id='word_1_160' title='bbox 1177 3145 1259 3220; x_wconf 84' lang='lat' dir='ltr'><strong>fine</strong></span> 
     </span>
     <span class='ocr_line' id='line_1_24' title="bbox 241 3273 1260 3378; baseline 0.001 -29"><span class='ocrx_word' id='word_1_161' title='bbox 241 3275 479 3378; x_wconf 84' lang='lat' dir='ltr'><strong>singulorum</strong></span> <span class='ocrx_word' id='word_1_162' title='bbox 488 3273 654 3365; x_wconf 91' lang='lat' dir='ltr'><strong>milium,</strong></span> <span class='ocrx_word' id='word_1_163' title='bbox 665 3273 771 3356; x_wconf 84' lang='lat' dir='ltr'><strong>verbi</strong></span> <span class='ocrx_word' id='word_1_164' title='bbox 781 3300 911 3366; x_wconf 89' lang='lat' dir='ltr'><strong>causa,</strong></span> <span class='ocrx_word' id='word_1_165' title='bbox 927 3273 1260 3374; x_wconf 73' lang='lat' dir='ltr'><strong>miliarios&#39;lapides</strong></span> 
     </span>
     <span class='ocr_line' id='line_1_25' title="bbox 242 3404 1260 3508; baseline 0.001 -28"><span class='ocrx_word' id='word_1_166' title='bbox 242 3431 323 3482; x_wconf 85' lang='lat' dir='ltr'><strong>esse</strong></span> <span class='ocrx_word' id='word_1_167' title='bbox 342 3405 479 3508; x_wconf 88' lang='lat' dir='ltr'><strong>fingat,</strong></span> <span class='ocrx_word' id='word_1_168' title='bbox 505 3409 545 3477; x_wconf 91' lang='lat' dir='ltr'><strong>in</strong></span> <span class='ocrx_word' id='word_1_169' title='bbox 565 3404 706 3503; x_wconf 88' lang='lat' dir='ltr'><strong>quibus</strong></span> <span class='ocrx_word' id='word_1_170' title='bbox 723 3431 796 3476; x_wconf 82' lang='lat' dir='ltr'><strong>xxx</strong></span> <span class='ocrx_word' id='word_1_171' title='bbox 812 3404 891 3476; x_wconf 91' lang='lat' dir='ltr'><strong>mil.</strong></span> <span class='ocrx_word' id='word_1_172' title='bbox 910 3420 948 3478; x_wconf 87' lang='lat' dir='ltr'><strong>et</strong></span> <span class='ocrx_word' id='word_1_173' title='bbox 967 3433 1013 3479; x_wconf 87' lang='lat' dir='ltr'><strong>uc</strong></span> <span class='ocrx_word' id='word_1_174' title='bbox 1036 3406 1260 3506; x_wconf 88' lang='lat' dir='ltr'><strong>simpliciter</strong></span> 
     </span>
    </p>
   </div>
   <div class='ocr_carea' id='block_1_2' title="bbox 273 3621 1207 3738">
    <p class='ocr_par' dir='ltr' id='par_1_2' title="bbox 273 3621 1207 3738">
     <span class='ocr_line' id='line_1_26' title="bbox 273 3621 1207 3738; baseline -0.002 -24"><span class='ocrx_word' id='word_1_175' title='bbox 273 3654 326 3738; x_wconf 67' lang='grc' dir='ltr'><strong>(ι)</strong></span> <span class='ocrx_word' id='word_1_176' title='bbox 347 3654 422 3714; x_wconf 83' lang='lat' dir='ltr'><strong>cod.</strong></span> <span class='ocrx_word' id='word_1_177' title='bbox 444 3656 525 3712; x_wconf 87' lang='lat' dir='ltr'><strong>Lam.</strong></span> <span class='ocrx_word' id='word_1_178' title='bbox 546 3621 725 3711; x_wconf 60' lang='lat' dir='ltr'><strong>meretum·</strong></span> <span class='ocrx_word' id='word_1_179' title='bbox 739 3651 783 3731; x_wconf 87' lang='lat' dir='ltr'><strong>(a)</strong></span> <span class='ocrx_word' id='word_1_180' title='bbox 802 3655 870 3712; x_wconf 84' lang='lat' dir='ltr'><strong>Nou</strong></span> <span class='ocrx_word' id='word_1_181' title='bbox 887 3653 971 3714; x_wconf 81' lang='lat' dir='ltr'><strong>abest</strong></span> <span class='ocrx_word' id='word_1_182' title='bbox 986 3655 1019 3712; x_wconf 90' lang='lat' dir='ltr'><strong>in</strong></span> <span class='ocrx_word' id='word_1_183' title='bbox 1035 3655 1109 3714; x_wconf 90' lang='lat' dir='ltr'><strong>Cod.</strong></span> <span class='ocrx_word' id='word_1_184' title='bbox 1126 3652 1207 3714; x_wconf 83' lang='lat' dir='ltr'><strong>Lam.</strong></span> 
     </span>
    </p>
   </div>
   <div class='ocr_carea' id='block_1_3' title="bbox 0 0 1374 4660">
    <p class='ocr_par' dir='ltr' id='par_1_3' title="bbox 0 0 1374 4660">
     <span class='ocr_line' id='line_1_27' title="bbox 0 0 1374 4660; baseline 0 1"><span class='ocrx_word' id='word_1_185' title='bbox 0 0 1374 4660; x_wconf 95' lang='lat' dir='ltr'><strong> </strong></span> 
     </span>
    </p>
   </div>
  </div>
 </body>
</html>
