2788 4640
59 723 62 730 ’
144 721 309 795 conabor.

1021 187 1029 231 l

453 336 494 411 o.
512 333 637 415 vm.
659 351 693 422 s.
712 337 784 414 vt.
919 389 922 398 1
1055 285 1102 412 ⁶³3

123 481 268 585 tudine
290 482 343 578 (1)
359 480 472 563 maris,
481 477 658 582 Tyrrheni
676 483 729 580 (α)
748 479 875 583 quater
887 498 1020 555 motata
1029 533 1040 574 ,
1056 483 1103 596 ari

127 601 346 696 ‘metendam
377 600 596 676 Britanniam
628 605 682 702 (3)
720 601 852 702 stylum
884 604 937 703 (4)
963 617 1103 676 vertere
1217 605 1225 618 ¹

512 877 515 886 =
564 857 596 924 t:
621 850 684 915 vr.
719 831 723 837 ’

199 1029 233 1076 1.
246 1001 362 1076 Julius
373 1003 510 1084 Solinus
525 1003 569 1076 de
581 1001 641 1076 illa
654 1003 789 1105 scripsit
803 1003 878 1077 haec
893 1032 902 1076 ε
922 1001 1018 1090 Finis
1027 1017 1105 1074 erat

146 1124 242 1196 orbis
272 1152 334 1198 ora
362 1125 487 1198 Gallici
516 1118 648 1219 litoris,
686 1125 754 1198 nisi
779 1127 960 1200 Britannia
991 1123 1107 1196 insula

146 1243 308 1344 qualibet
323 1246 573 1347 amplitudine,
593 1244 723 1320 nomon
739 1269 831 1349 pene
852 1247 945 1319 orbis
962 1243 1115 1318 alterius

143 1383 348 1466 mereretur
359 1369 413 1467 (5)
426 1399 435 1439 ι
451 1385 569 1446 nocet
582 1371 679 1444 enim
693 1386 729 1443 et
747 1371 896 1469 amplius
908 1367 1016 1440 millia
1026 1392 1108 1466 pas·
1189 1446 1193 1461 ἱ

147 1511 255 1559 snum
267 1487 539 1588 in’longitudine
552 1493 708 1584 detinet3
727 1492 765 1563 in
781 1489 968 1563 latitudine
986 1494 1072 1561 ceu.

197 1632 234 1680 2.
256 1607 357 1706 Idem
373 1611 480 1710 paulo
491 1629 588 1713 post:
608 1611 735 1684 Multis
751 1612 872 1682 insulis
888 1605 1109 1708 neclig‘nobi-

144 1726 242 1801 libus
257 1730 514 1823 circumdatur,
534 1760 687 1832 quarum
700 1731 874 1805 Hibernia
890 1732 922 1802 ei
934 1728 1112 1829 proximat
1134 1711 1136 1721 Ι

145 1851 406 1950 magnitudine.
426 1853 523 1924 Alias
547 1854 598 1922 ita
616 1854 670 1947 (6)
691 1851 886 1952 pabulosa,
905 1857 948 1924 ut
963 1863 1112 1947 pecora,
1154 1879 1157 1896 ¹
1246 1875 1251 1884 ·
1290 1876 1295 1885 ¹

146 1969 216 2042 nisi
232 1969 413 2042 interdum
429 1971 618 2071 apartibus
637 1987 842 2062 arceantur,
860 1969 905 2042 ad
916 1967 1114 2072 periculum

146 2106 245 2200 agat.

197 2214 235 2287 3.
254 2213 355 2286 ldem
371 2215 475 2314 paulo
492 2231 592 2315 post.
582 2211 702 2288 ·Sed
694 2241 792 2286 mare
806 2211 930 2315 quod
919 2227 1014 2283 1nter
1024 2211 1115 2282 hano

147 2347 188 2407 et
216 2331 437 2448 Britanniam
460 2335 623 2408 interluit
648 2334 854 2408 undosum
844 2333 1124 2456 mquieturnque.

147 2469 229 2528 toto
256 2453 293 2527 in
310 2483 421 2549 anno,
441 2459 580 2530 nonnisi
569 2458 650 2555 (7)
671 2456 829 2558 pauculis
847 2456 971 2529 diebus
989 2469 1042 2526 est
1056 2478 1117 2522 na·

147 2573 327 2674 vigabile3
345 2575 479 2685 idque
469 2605 507 2650 m
523 2595 668 2650 centum
681 2577 810 2678 viginti
822 2575 933 2648 millia
951 2599 1119 2674 passuum

146 2693 349 2781 latitudinis
375 2694 601 2773 diffunditur.
632 2698 732 2770 Inter
756 2697 917 2770 Morinos
941 2695 980 2766 in
1004 2693 1120 2766 Gallia

147 2813 293 2913 Belgica
303 2834 340 2887 et
351 2817 593 2908 Britanniam,
606 2820 670 2888 ubi
684 2812 743 2912 (8)’
750 2819 872 2886 civitas
884 2815 1023 2912 Rutupi
1036 2837 1120 2910 por·

148 2951 212 3012 tus
225 2949 298 3023 est,
314 2935 409 3006 unde
422 2935 460 3005 in
471 2933 691 3007 Britanniam
703 2933 884 3032 proximus
901 2934 937 3004 et
953 2925 1120 3004 brevissi·

147 3083 235 3130 mus
255 3070 308 3126 est
335 3054 503 3127 transitus
519 3068 543 3148 ,'
560 3055 599 3126 in
620 3053 775 3125 millibus
795 3081 817 3124 n
837 3079 933 3153 pas,
961 3052 1056 3143 sive,
1074 3065 1117 3120 ut

149 3174 301 3282 quidam
329 3179 565 3279 scripserunt,
588 3176 627 3248 in
653 3201 766 3252 coccn
796 3175 915 3249 stadiis
927 3230 940 3272 ‚
970 3172 1121 3246 latitudo

149 3325 263 3378 mans
284 3313 495 3374 coarctatur.

198 3573 240 3640 (¹)
254 3566 471 3628 Latitudinem·
494 3567 529 3660 Αι
604 3575 651 3642 (2)
669 3569 810 3649 Tyrreni.
829 3567 866 3628 B.
949 3561 996 3642 (3)
1009 3563 1122 3624 Britta-

155 3675 258 3734 niam.
289 3672 330 3730 A.
414 3677 458 3747 (4)
491 3669 613 3732 Stilum.
649 3673 749 3732 codd.
832 3671 875 3744 (5)
907 3669 1053 3730 Meretur.
1086 3665 1122 3725 B.

156 3779 206 3852 (6)
216 3773 290 3834 Alia
301 3775 418 3837 sita.·B.
476 3799 480 3807 ·
505 3785 551 3858 (7)
564 3777 637 3837 Non
651 3775 746 3836 deest.
761 3774 797 3835 B.
882 3773 927 3852 (8)
936 3771 1126 3832 Diffunditur

153 3885 240 3948 inter
262 3875 439 3942 Brittaniam
460 3893 491 3942 et
511 3881 648 3942 Morinos
669 3881 702 3940 in
725 3877 826 3940 Gallia
856 3876 986 3961 Belgica.
1016 3873 1121 3935 Codri.
